<collection xmlns="http://www.loc.gov/MARC21/slim">
   <record>
      <leader>05020cam a2200361 i 45 0</leader>
      <controlfield tag="001">6849361</controlfield>
      <controlfield tag="005">20150226125455.0</controlfield>
      <controlfield tag="008">140822t20152015nyua     b    001 0 eng  </controlfield>
      <datafield ind1=" " ind2=" " tag="010">
         <subfield code="a">  2014032577</subfield>
      </datafield>
      <datafield ind1=" " ind2=" " tag="020">
         <subfield code="a">9780415675819 (Hardback)</subfield>
      </datafield>
      <datafield ind1=" " ind2=" " tag="020">
         <subfield code="z">9780203132562 (eBook)</subfield>
      </datafield>
      <datafield ind1=" " ind2=" " tag="040">
         <subfield code="a">DLC</subfield>
         <subfield code="b">eng</subfield>
         <subfield code="c">DLC</subfield>
         <subfield code="e">rda</subfield>
         <subfield code="d">AGPC</subfield>
      </datafield>
      <datafield ind1=" " ind2=" " tag="042">
         <subfield code="a">pcc</subfield>
      </datafield>
      <datafield ind1="0" ind2="0" tag="050">
         <subfield code="a">GV716</subfield>
         <subfield code="b">.R696 2015</subfield>
      </datafield>
      <datafield ind1=" " ind2=" " tag="090">
         <subfield code="a">GV 716 R696 2015</subfield>
         <subfield code="b">AGPC</subfield>
      </datafield>
      <datafield ind1="0" ind2="0" tag="245">
         <subfield code="a">Routledge handbook of sport and legacy :</subfield>
         <subfield code="b">meeting the challenge of major sports events /</subfield>
         <subfield code="c">edited by Richard Holt and Dino Ruta ; assistant editor James Panter.</subfield>
      </datafield>
      <datafield ind1=" " ind2=" " tag="250">
         <subfield code="a">1st Edition.</subfield>
      </datafield>
      <datafield ind1=" " ind2="1" tag="264">
         <subfield code="a">New York :</subfield>
         <subfield code="b">Routledge,</subfield>
         <subfield code="c">2015.</subfield>
      </datafield>
      <datafield ind1=" " ind2=" " tag="300">
         <subfield code="a">xviii, 373 pages :</subfield>
         <subfield code="b">illustrations ;</subfield>
         <subfield code="c">26 cm</subfield>
      </datafield>
      <datafield ind1=" " ind2=" " tag="336">
         <subfield code="a">text</subfield>
         <subfield code="b">txt</subfield>
         <subfield code="2">rdacontent</subfield>
         <subfield code="0">http://id.loc.gov/vocabulary/contentTypes/txt</subfield>
      </datafield>
      <datafield ind1=" " ind2=" " tag="337">
         <subfield code="a">unmediated</subfield>
         <subfield code="b">n</subfield>
         <subfield code="2">rdamedia</subfield>
         <subfield code="0">http://id.loc.gov/vocabulary/mediaTypes/n</subfield>
      </datafield>
      <datafield ind1=" " ind2=" " tag="338">
         <subfield code="a">volume</subfield>
         <subfield code="b">nc</subfield>
         <subfield code="2">rdacarrier</subfield>
         <subfield code="0">http://id.loc.gov/vocabulary/carriers/nc</subfield>
      </datafield>
      <datafield ind1=" " ind2=" " tag="504">
         <subfield code="a">Includes bibliographical references and index.</subfield>
      </datafield>
      <datafield ind1="0" ind2=" " tag="505">
         <subfield code="a">Part 1. Planning and governance of legacy: 1. A strategic and pluralistic approcach to legacy: the case of the Giro d'Italia / Dino Ruta -- 2. Economic legacy to cities of hosting mega sports events: a case study of Beijing 2008 / Chris Gratton, Holger Preuss and Dongfeng Liu -- 3. The 1908 Olympic Games: a case study in accidental and incidental legacies / Martin Polley -- 4. A stakeholder analysis of the governance of the 2010 FIFA World Cup: a case study of the city of Cape Town / Kamilla Swart, Urmilla Bob and Dean Allen -- 5. Vancouver 2010 Olympic Winter Games: modes of legacy network governance / Becca Leopkey and Milena M. Parent -- Part 2. Urbanisation and legacy: 6. Sydney Olympic Park 2000 to 2010: a case study of legacy implementation over the longer term / Richard Cashman -- 7. Croke Park as a historic venue: combining national legacy with multiple use / Mike Cronin -- 8. The legacy of memory: the Stockholm and Helsinki Olympic stadia as living memorials / Alan Bairner -- 9. The legacy of the 2004 Olympics for the Athens transport system / Eva Kassens-Noor -- 10. Framing the future: sustainability, legacy and the 2012 London games / John R. Gold and Margaret M. Gold -- Part 3. Social and cultural legacies: 11. Paralympic legacy: what legacy? / Keith Gilbert and Otto J. Schantz -- 12. A lost legacy of fraternity: the case of European youth football / Kevin Tallec Marston -- 13. Cultural Olympiad or an Olympics for cultural regeneration? "Torino 2006" and its legacy / Chito Guala -- 14. Major sporting events and long-lasting tourism impacts: 2006 FIFA World Cup in Germany / Holger Preuss and Harry Arne Solberg -- 15. A socially responsible business legacy: raising standards in procurement, supply chains and employment at the London Olympics of 2012 / Jill Timms -- Part 4. Human capital and legacy: 16. City capacity building: preparing to exploit the legacy of a large-scale sports event: the case of Valencia and the 2007 America's Cup / Dino Ruta and Beatrice Manzoni -- 17. Transferring knowledge, know-how and capability: managing and sharing knowledge for future events / Sue Halbwirth and Kristine Toohey -- 18. From the first soccer women's world championship in 1991 to the Beijing Olympic Games in 2008: how capacity-building in small scale tournaments can help win mega-event bids / Jean Williams -- 19. Learning disability sport, volunteers and legacy: the case of Special Olympics Great Britain National Games 2009 / John Williams and Neil Carter -- 20. The impact of the Olympics on the high performance legacy of a host country / Matthew J. Robinson -- Part 5. The politics and image of legacy: 21. The political and diplomatic legacy of the Montréal Olympics / Danielle Griffin-- 22. Media, sport and memory: the mediated legacies of great sporting events / Tim O'Sullivan and Dilwyn Porter -- 23. "Global visibility and prestige": the anticipated legacies of mega sporting events in the Gulf states / David Hassan and Maurice Field -- 24. Modern temples of marble and concrete: the legacy of the unsuccessful Olympic ambition of Fascist Rome / Daphné Bolz -- 25. The mixed legacy of Munich: the material, cultural and political consequences of the 1972 Olympic Games / Kay Schiller and Christopher Young.</subfield>
      </datafield>
      <datafield ind1=" " ind2="0" tag="650">
         <subfield code="a">Hosting of sports events</subfield>
         <subfield code="x">Planning</subfield>
         <subfield code="v">Handbooks, manuals, etc.</subfield>
      </datafield>
      <datafield ind1=" " ind2="0" tag="650">
         <subfield code="a">Hosting of sporting events</subfield>
         <subfield code="x">Economic aspects</subfield>
         <subfield code="v">Handbooks, manuals, etc.</subfield>
      </datafield>
      <datafield ind1=" " ind2="0" tag="650">
         <subfield code="a">Hosting of sporting events</subfield>
         <subfield code="x">Social aspects</subfield>
         <subfield code="v">Handbooks, manuals, etc.</subfield>
      </datafield>
      <datafield ind1="1" ind2=" " tag="700">
         <subfield code="a">Holt, Richard,</subfield>
         <subfield code="d">1948-</subfield>
         <subfield code="0">http://id.loc.gov/authorities/names/n80079085</subfield>
         <subfield code="0">http://viaf.org/viaf/9145970276332252018</subfield>
      </datafield>
      <datafield ind1="1" ind2=" " tag="700">
         <subfield code="a">Ruta, Dino.</subfield>
         <subfield code="0">http://id.loc.gov/authorities/names/no2013105749</subfield>
         <subfield code="0">http://viaf.org/viaf/305367770</subfield>
      </datafield>
      <datafield ind1=" " ind2=" " tag="596">
         <subfield code="a">28</subfield>
      </datafield>
      <datafield ind1=" " ind2=" " tag="758">
         <subfield code="0">http://worldcat.org/entity/work/id/196480720</subfield>
      </datafield>
      <datafield ind1="0" ind2=" " tag="787">
         <subfield code="n">OCLC Work Id</subfield>
         <subfield code="o">http://worldcat.org/entity/work/id/196480720</subfield>
      </datafield>
      <datafield ind1=" " ind2=" " tag="926">
         <subfield code="a">GV 716 R696 2015</subfield>
         <subfield code="w">LC</subfield>
         <subfield code="c">1</subfield>
         <subfield code="i">31847001274916</subfield>
         <subfield code="l">ON_SHELF</subfield>
         <subfield code="m">GPRC_GP</subfield>
         <subfield code="p">$150.00</subfield>
         <subfield code="r">Y</subfield>
         <subfield code="s">Y</subfield>
         <subfield code="t">BOOK</subfield>
         <subfield code="u">3/5/2015</subfield>
      </datafield>
   </record>
</collection>
